@inproceedings{rublee2011orb,
  title={ORB: An efficient alternative to SIFT or SURF},
  author={Rublee, Ethan and Rabaud, Vincent and Konolige, Kurt and Bradski, Gary},
  booktitle={2011 International conference on computer vision},
  pages={2564--2571},
  year={2011},
  organization={IEEE}
}

@book{wicker1999reed,
  title={Reed-Solomon codes and their applications},
  author={Wicker, Stephen B and Bhargava, Vijay K},
  year={1999},
  publisher={John Wiley \& Sons}
}

@misc{masinter1998rfc2388,
  title={RFC2388: Returning Values from Forms: multipart/form-data},
  author={Masinter, L},
  year={1998},
  publisher={RFC Editor}
}

 @misc{opencv-color-convention, title={Color conversions}, url={https://docs.opencv.org/3.4/de/d25/imgproc_color_conversions.html}, journal={OpenCV}} 
 
 